:20:STARTUMS
:25:20090500/0006853030
:28C:09199/001
:60F:C120219EUR1818,90
:61:1202200214C80,N05100001238972230329
:86:051?00Gutschrift?10931?20SOME DESCRIPTION?21MORE DESC?3023987420?3134792134?32Lloyd, Dalton?33SOMECITY
:61:1202200214C250,N0510000234982341123
:86:051?00Gutschrift?10931?20PARTNERKEY 0123?21SPENDE, BITTE AM JAHRESENDE?22EINE SPENDENBESHEINIGUNG?3023489274?311231239832?32Pope?33Dahlia
:61:1202200214C82,N051NONREF
:86:051?00Gutschrift?10931?20PROJECT 3377?30969238942?3178923423?32Ulric Harvey
:61:1202200214C100,N0510000371672916278
:86:051?00Gutschrift?10931?20FAM. MEIER?21ENGLAND?3089824243?3192302311?32Julian?33Ingram
:62F:C120220EUR2330,90
